<record><leader>00000cas a2200000 a 4500</leader><controlfield tag="001">28322140</controlfield><controlfield tag="008">930624d18961uuuiludn ne      0   a0eng c</controlfield><datafield ind1=" " ind2=" " tag="010"><subfield code="a">sn 93055719 </subfield></datafield><datafield ind1=" " ind2=" " tag="040"><subfield code="a">NVF</subfield><subfield code="b">eng</subfield><subfield code="c">NVF</subfield><subfield code="d">OCLCQ</subfield><subfield code="d">NVF</subfield><subfield code="d">OCLCQ</subfield><subfield code="d">OCLCF</subfield><subfield code="d">OCLCO</subfield><subfield code="d">NVF</subfield></datafield><datafield ind1=" " ind2=" " tag="042"><subfield code="a">pcc</subfield></datafield><datafield ind1=" " ind2=" " tag="043"><subfield code="a">n-us-il</subfield></datafield><datafield ind1="0" ind2=" " tag="130"><subfield code="a">Lewistown record (Lewistown, Ill.)</subfield></datafield><datafield ind1="1" ind2="0" tag="245"><subfield code="a">Lewistown record.</subfield></datafield><datafield ind1=" " ind2=" " tag="260"><subfield code="a">Lewistown, Ill. :</subfield><subfield code="b">Reese and Duvall</subfield></datafield><datafield ind1=" " ind2=" " tag="300"><subfield code="a">v.</subfield></datafield><datafield ind1=" " ind2=" " tag="310"><subfield code="a">Daily (except Sunday)</subfield></datafield><datafield ind1="1" ind2=" " tag="362"><subfield code="a">Began in 1896?</subfield></datafield><datafield ind1=" " ind2=" " tag="588"><subfield code="a">Description based on: Vol. 4, no. 2 (Nov. 23, 1899).</subfield></datafield><datafield ind1=" " ind2=" " tag="588"><subfield code="a">Latest issue consulted: Vol. 4, no. 2 (Nov. 23, 1899).</subfield></datafield><datafield ind1=" " ind2="0" tag="651"><subfield code="a">Lewistown (Ill.)</subfield><subfield code="v">Newspapers.</subfield></datafield><datafield ind1=" " ind2="7" tag="651"><subfield code="a">Illinois</subfield><subfield code="z">Lewistown.</subfield><subfield code="2">fast</subfield><subfield code="0">(OCoLC)fst01217746</subfield></datafield><datafield ind1=" " ind2="7" tag="655"><subfield code="a">Newspapers.</subfield><subfield code="2">fast</subfield><subfield code="0">(OCoLC)fst01423814</subfield></datafield><datafield ind1=" " ind2=" " tag="752"><subfield code="a">United States</subfield><subfield code="b">Illinois</subfield><subfield code="c">Fulton</subfield><subfield code="d">Lewistown.</subfield></datafield><datafield ind1="0" ind2=" " tag="775"><subfield code="t">Lewistown weekly record</subfield></datafield><datafield ind1="0" ind2="0" tag="780"><subfield code="t">Lewistown evening record (Lewistown, Ill. : 1896)</subfield><subfield code="w">(DLC)sn2004061954</subfield><subfield code="w">(OCoLC)55674960</subfield></datafield><datafield ind1="0" ind2="0" tag="785"><subfield code="t">Lewistown evening record (Lewistown, Ill. : 1901)</subfield><subfield code="w">(DLC)sn 93055720</subfield><subfield code="w">(OCoLC)28322201</subfield></datafield><datafield ind1="1" ind2=" " tag="029"><subfield code="a">AU@</subfield><subfield code="b">000025847736</subfield></datafield></record>